../bibliography/seme2014_axessim.bib