@Article{ art,
  author =       {},
  title =        {},
  journal =      {},
  year =         ,
  volume =    ,
  pages =     {}
}
