@Article{xie10:_spice,
  title={Spice models for radiated and conducted susceptibility analyses of multiconductor shielded cables},
  author={Xie, Haiyan and Wang, Jianguo and Fan, Ruyu and Liu, Yinong},
  journal={Progress In Electromagnetics Research},
  volume=103,
  pages={241--257},
  year=2010,
  publisher={EMW Publishing}
}

@PhdThesis{andrieu06:_elabor,
  title={Elaboration et application d’une m{\'e}thode de faisceau {\'e}quivalent pour l’{\'e}tude des couplages
{\'e}lectromagnetiques sur r{\'e}seaux de c{\^a}blages automobiles},
  author={Andrieu, Guillaume},
  school={Lille University},
 year=2006
}

@Article{green65,
  title={The numerical solution of some important transmission-line problems},
  author={Green, Harry E},
  journal={Microwave Theory and Techniques, IEEE Transactions on},
  volume=13,
  number=5,
  pages={676--692},
  year=1965,
  publisher={IEEE}

}

@PhdThesis{muot13:_strat_fdtd_mtl,
  title={Strat{\'e}gie d'hybridation de m{\'e}thodes de simualtion {\'e}lectromagn{\`e}tique FDTD/MTL-application {\`a} l'{\'e}tude de grands syst{\`e}mes complexes},
  author={Muot, Nathana{\"e}l},
  year=2013,
  school={ISAE-ENSMA Ecole Nationale Sup{\'e}rieure de M{\'e}canique et d'A{\'e}rotechique-Poitiers}
}

@Article{paul76:_comput,
  title={Computation of the transmission line inductance and capacitance matrices from the generalized capacitance matrix},
  author={Paul, Clayton R and Feather, Arthur E},
  journal={Electromagnetic Compatibility, IEEE Transactions on},
  number=4,
  volume={18},
  pages={175--183},
  year=1976,
  publisher={IEEE}
}

@InProceedings{sartenaer2001powerline,
  title={Powerline cables modelling for broadband communications},
  author={Sartenaer, Thierry and Delogne, Paul},
  booktitle={Proc. IEEE Int. Conf. Power Line Communications and Its Applications},
  pages={331--337},
  year={2001}
}

@article {MR3043640,
    AUTHOR = {Hecht, F.}, TITLE = {New development in FreeFem++},
   JOURNAL = {J. Numer. Math.},  FJOURNAL = {Journal of Numerical Mathematics},
    VOLUME = {20}, YEAR = {2012},
    NUMBER = {3-4}, PAGES = {251--265},
      ISSN = {1570-2820}, MRCLASS = {65Y15}, MRNUMBER = {3043640},
}
